<?xml version="1.0" encoding="UTF-8"?><collection xmlns="http://www.loc.gov/MARC21/slim"><record><leader>00478nam--2200181-i-4500</leader><controlfield tag="001">000037845</controlfield><controlfield tag="002">20161230</controlfield><controlfield tag="005">20161230201041</controlfield><controlfield tag="008">060222s1000------------r-----000-0-eng-d</controlfield><datafield ind1=" " ind2=" " tag="040"><subfield code="a">IFIN-HH</subfield></datafield><datafield ind1=" " ind2=" " tag="080"><subfield code="a">519.216.1</subfield></datafield><datafield ind1="1" ind2=" " tag="100"><subfield code="a">Rao, M.M</subfield></datafield><datafield ind1="1" ind2="0" tag="245"><subfield code="a">Foundations of stochastic analysis</subfield><subfield code="c">M.M. Rao</subfield></datafield><datafield ind1=" " ind2=" " tag="260"><subfield code="a">New York, Acad.Press, 1981</subfield></datafield><datafield ind1=" " ind2=" " tag="300"><subfield code="a">XI + 295 P</subfield></datafield><datafield ind1=" " ind2=" " tag="490"><subfield code="a">Probability and Mathematical Statistics</subfield></datafield><datafield ind1=" " ind2=" " tag="852"><subfield code="a">70690</subfield><subfield code="c">519.2</subfield></datafield><datafield ind1=" " ind2=" " tag="CAT"><subfield code="a">Sys</subfield><subfield code="c">20100610</subfield><subfield code="h">100800</subfield></datafield></record></collection>